<?xml version="1.0" encoding="UTF-8"?><collection xmlns="http://www.loc.gov/MARC21/slim"><record><leader>00346nam--2200133-i-4500</leader><controlfield tag="001">000003530</controlfield><controlfield tag="002">20161230</controlfield><controlfield tag="005">20170224005112</controlfield><controlfield tag="008">060222s1000------------r-----000-0-eng-d</controlfield><datafield ind1=" " ind2=" " tag="100"><subfield code="a">Ditte, Alfred</subfield></datafield><datafield ind1=" " ind2=" " tag="245"><subfield code="a">Etude gelerale des sels. Lecons partie I: Sels binaires</subfield></datafield><datafield ind1=" " ind2=" " tag="260"><subfield code="a">Paris</subfield><subfield code="b">Dunod</subfield><subfield code="c">1906</subfield></datafield><datafield ind1=" " ind2=" " tag="300"><subfield code="a">382 p</subfield></datafield><datafield ind1=" " ind2=" " tag="CAT"><subfield code="a">SYS</subfield><subfield code="c">20170224</subfield><subfield code="h">005112</subfield></datafield></record></collection>